@article{Sierra:2009zq,
      author         = "Aristizabal Sierra, D. and Restrepo, Diego and Zapata,
                        Oscar",
      title          = "{Decaying Neutralino Dark Matter in Anomalous U(1)(H)
                        Models}",
      journal        = "Phys. Rev.",
      volume         = "D80",
      year           = "2009",
      pages          = "055010",
      doi            = "10.1103/PhysRevD.80.055010",
      eprint         = "0907.0682",
      archivePrefix  = "arXiv",
      primaryClass   = "hep-ph",
      SLACcitation   = "%%CITATION = ARXIV:0907.0682;%%"
}
@article{Bernal:2007uv,
      author         = "Bernal, Nicolas and Djouadi, Abdelhak and Slavich,
                        Pietro",
      title          = "{The MSSM with heavy scalars}",
      journal        = "JHEP",
      volume         = "07",
      year           = "2007",
      pages          = "016",
      doi            = "10.1088/1126-6708/2007/07/016",
      eprint         = "0705.1496",
      archivePrefix  = "arXiv",
      primaryClass   = "hep-ph",
      reportNumber   = "LPT-07-25, CERN-PH-TH-2007-074",
      SLACcitation   = "%%CITATION = ARXIV:0705.1496;%%"
}
@article{Profumo:2004at,
      author         = "Profumo, Stefano and Yaguna, Carlos E.",
      title          = "{A Statistical analysis of supersymmetric dark matter in
                        the MSSM after WMAP}",
      journal        = "Phys. Rev.",
      volume         = "D70",
      year           = "2004",
      pages          = "095004",
      doi            = "10.1103/PhysRevD.70.095004",
      eprint         = "hep-ph/0407036",
      archivePrefix  = "arXiv",
      primaryClass   = "hep-ph",
      reportNumber   = "SISSA-46-2004-EP",
      SLACcitation   = "%%CITATION = HEP-PH/0407036;%%"
}
@article{Masiero:2004vk,
      author         = "Masiero, A. and Profumo, S. and Vempati, S. K. and
                        Yaguna, C. E.",
      title          = "{Lepton flavor violation, neutralino dark matter and the
                        reach of the LHC}",
      journal        = "JHEP",
      volume         = "03",
      year           = "2004",
      pages          = "046",
      doi            = "10.1088/1126-6708/2004/03/046",
      eprint         = "hep-ph/0401138",
      archivePrefix  = "arXiv",
      primaryClass   = "hep-ph",
      reportNumber   = "DFPD-04-TH-01, SISSA-4-2004-EP",
      SLACcitation   = "%%CITATION = HEP-PH/0401138;%%"
}
